% OTHER LITERATURE REVIEWS

@article{azuma1997survey,
  title={A survey of augmented reality},
  author={Azuma, Ronald T},
  journal={Presence: Teleoperators \& Virtual Environments},
  volume={6},
  number={4},
  pages={355--385},
  year={1997},
  publisher={MIT Press}
}

@article{kitchenham2009systematic,
  title={Systematic literature reviews in software engineering--a systematic literature review},
  author={Kitchenham, Barbara and Brereton, O Pearl and Budgen, David and Turner, Mark and Bailey, John and Linkman, Stephen},
  journal={Information and software technology},
  volume={51},
  number={1},
  pages={7--15},
  year={2009},
  publisher={Elsevier}
}

@book{petticrew2008systematic,
  title={Systematic reviews in the social sciences: A practical guide},
  author={Petticrew, Mark and Roberts, Helen},
  year={2008},
  publisher={John Wiley \& Sons}
}

@INPROCEEDINGS{caudell1992augmented,
  author={T. P. {Caudell} and D. W. {Mizell}},
  booktitle={Proceedings of the Twenty-Fifth Hawaii International Conference on System Sciences}, 
  title={Augmented reality: an application of heads-up display technology to manual manufacturing processes}, 
  year={1992},
  volume={ii},
  number={},
  pages={659-669 vol.2}
}


@article{akccayir2017advantages,
  title={Advantages and challenges associated with augmented reality for education: A systematic review of the literature},
  author={Ak{\c{c}}ay{\i}r, Murat and Ak{\c{c}}ay{\i}r, G{\"o}k{\c{c}}e},
  journal={Educational Research Review},
  volume={20},
  pages={1--11},
  year={2017},
  publisher={Elsevier}
}

@article{radu2014augmented,
  title={Augmented reality in education: a meta-review and cross-media analysis},
  author={Radu, Iulian},
  journal={Personal and Ubiquitous Computing},
  volume={18},
  number={6},
  pages={1533--1543},
  year={2014},
  publisher={Springer}
}

@article{cheng2013affordances,
  title={Affordances of augmented reality in science learning: Suggestions for future research},
  author={Cheng, Kun-Hung and Tsai, Chin-Chung},
  journal={Journal of science education and technology},
  volume={22},
  number={4},
  pages={449--462},
  year={2013},
  publisher={Springer}
}

@article{arici2019research,
  title={Research trends in the use of augmented reality in science education: Content and bibliometric mapping analysis},
  author={Arici, Faruk and Yildirim, Pelin and Caliklar, {\c{S}}eyma and Yilmaz, Rabia M},
  journal={Computers \& Education},
  volume={142},
  pages={103647},
  year={2019},
  publisher={Elsevier}
}

@article{bacca2014augmented,
  title={Augmented Reality Trends in Education: A Systematic Review of Research and Applications},
  author={Jorge Bacca and Silvia Baldiris and Ram{\'o}n Fabregat and Sabine Graf and Kinshuk},
  journal={J. Educ. Technol. Soc.},
  year={2014},
  volume={17},
  pages={133-149}
}

@article{pellas2019augmenting,
  title={Augmenting the learning experience in primary and secondary school education: A systematic review of recent trends in augmented reality game-based learning},
  author={Pellas, Nikolaos and Fotaris, Panagiotis and Kazanidis, Ioannis and Wells, David},
  journal={Virtual Reality},
  volume={23},
  number={4},
  pages={329--346},
  year={2019},
  publisher={Springer}
}

@inproceedings{diegmann2015benefits,
  title={Benefits of Augmented Reality in Educational Environments - A Systematic Literature Review},
  author={Phil Diegmann and Manuel Schmidt-Kraepelin and Sven Van den Eynden and Dirk Basten},
  booktitle={Wirtschaftsinformatik},
  year={2015}
}

@article{ibanez2018augmented,
  title={Augmented reality for STEM learning: A systematic review},
  author={Ib{\'a}{\~n}ez, Mar{\'\i}a-Blanca and Delgado-Kloos, Carlos},
  journal={Computers \& Education},
  volume={123},
  pages={109--123},
  year={2018},
  publisher={Elsevier}
}

@article{nielsen2016augmented,
  title={Augmented Reality in science educationâ€“affordances for student learning},
  author={Birgitte Lund Nielsen and Harald Brandt and Hakon Swensen},
  journal={Nordic Studies in Science Education},
  year={2016},
  volume={12},
  pages={157-174}
}

@inproceedings{li2017augmented,
  title={Augmented reality games for learning: A literature review},
  author={Li, Jingya and Van der Spek, Erik D and Feijs, Loe and Wang, Feng and Hu, Jun},
  booktitle={International Conference on Distributed, Ambient, and Pervasive Interactions},
  pages={612--626},
  year={2017},
  organization={Springer}
}

@inproceedings{bartolome2011can,
  title={Can game-based therapies be trusted? Is game-based education effective? A systematic review of the Serious Games for health and education},
  author={Bartolom{\'e}, Nuria Aresti and Zorrilla, Amaia M{\'e}ndez and Zapirain, Bego{\~n}a Garc{\'\i}a},
  booktitle={2011 16th International Conference on Computer Games (CGAMES)},
  pages={275--282},
  year={2011},
  organization={IEEE}
}

@article{laine2018mobile,
  title={Mobile educational augmented reality games: a systematic literature review and two case studies},
  author={Laine, Teemu H},
  journal={Computers},
  volume={7},
  number={1},
  pages={19},
  year={2018},
  publisher={Multidisciplinary Digital Publishing Institute}
}

@article{da2019perspectives,
  title={Perspectives on how to evaluate augmented reality technology tools for education: a systematic review},
  author={da Silva, Manoela MO and Teixeira, Jo{\~a}o Marcelo XN and Cavalcante, Patr{\'\i}cia S and Teichrieb, Veronica},
  journal={Journal of the Brazilian Computer Society},
  volume={25},
  number={1},
  pages={3},
  year={2019},
  publisher={Springer}
}

@incollection{chen2017review,
  title={A review of using Augmented Reality in Education from 2011 to 2016},
  author={Chen, Peng and Liu, Xiaolin and Cheng, Wei and Huang, Ronghuai},
  booktitle={Innovations in smart learning},
  pages={13--18},
  year={2017},
  publisher={Springer}
}

@article{garzon2019systematic,
  title={Systematic review and meta-analysis of augmented reality in educational settings},
  author={Garz{\'o}n, Juan and Pav{\'o}n, Juan and Baldiris, Silvia},
  journal={Virtual Reality},
  volume={23},
  number={4},
  pages={447--459},
  year={2019},
  publisher={Springer}
}

% OTHER PAPERS CITED
@article{billinghurst2002collaborative,
  title={Collaborative augmented reality},
  author={Billinghurst, Mark and Kato, Hirokazu},
  journal={Communications of the ACM},
  volume={45},
  number={7},
  pages={64--70},
  year={2002},
  publisher={ACM New York, NY, USA}
}

@article{cohen1960coefficient,
  title={A coefficient of agreement for nominal scales},
  author={Cohen, Jacob},
  journal={Educational and psychological measurement},
  volume={20},
  number={1},
  pages={37--46},
  year={1960},
  publisher={Sage Publications Sage CA: Thousand Oaks, CA}
}

@article{johnson2000animated,
  title={Animated pedagogical agents: Face-to-face interaction in interactive learning environments},
  author={Johnson, W Lewis and Rickel, Jeff W and Lester, James C and others},
  journal={International Journal of Artificial intelligence in education},
  volume={11},
  number={1},
  pages={47--78},
  year={2000},
  publisher={New York}
}

@article{laal2012benefits,
  title={Benefits of collaborative learning},
  author={Laal, Marjan and Ghodsi, Seyed Mohammad},
  journal={Procedia-social and behavioral sciences},
  volume={31},
  pages={486--490},
  year={2012},
  publisher={Elsevier}
}

@techreport{arlem2020,
type = {Standard},
key = {{IEEE} 1589:2020},
author={Wild, Fridolin and Perey, Christine and Dargue Brandt}, 
title={{IEEE} Standard for Augmented Reality Learning Experience Model {(ARLEM)}}, 
year={2020}, 
volume={}, 
pages={1-46},
institution = {{IEEE} Standards Association},
publisher={{IEEE} Standards Association}
}

@article{kevan2016experience,
  title={Experience API: Flexible, decentralized and activity-centric data collection},
  author={Kevan, Jonathan M and Ryan, Paul R},
  journal={Technology, knowledge and learning},
  volume={21},
  number={1},
  pages={143--149},
  year={2016},
  publisher={Springer}
}


% PAPER SELECTED FOR SLR

@inproceedings{costa2019augmented,
  title={An augmented reality platform targeted to promote learning about planetary systems},
  author={Costa, MC and Manso, A and Patr{\'\i}cio, JM and Carvalho, A and Alegria, B and Zinatulins, V},
  booktitle={2019 International Symposium on Computers in Education (SIIE)},
  pages={1--5},
  year={2019},
  organization={IEEE}
}

@inproceedings{lai2015applying,
  title={Applying augmented reality technology to book publication business},
  author={Lai, Andy SY and Wong, Chris YK and Lo, Oscar CH},
  booktitle={2015 IEEE 12th international conference on e-business engineering},
  pages={281--286},
  year={2015},
  organization={IEEE}
}

@inproceedings{tang2015learning,
  title={Learning to create 3D models via an augmented reality smartphone interface},
  author={Tang, Jeff KT and Duong, Tin-Yung Au and Ng, Yui-Wang and Luk, Hoi-Kit},
  booktitle={2015 IEEE International Conference on Teaching, Assessment, and Learning for Engineering (TALE)},
  pages={236--241},
  year={2015},
  organization={IEEE}
}

@inproceedings{ang2019enhancing,
  title={Enhancing STEM Education using Augmented Reality and Machine Learning},
  author={Ang, Ivan Jie Xiong and Lim, King Hann},
  booktitle={2019 7th International Conference on Smart Computing \& Communications (ICSCC)},
  pages={1--5},
  year={2019},
  organization={IEEE}
}

@inproceedings{sorrentino2015speaky,
  title={Speaky Notes Learn languages with augmented reality},
  author={Sorrentino, Fabio and Spano, Lucio Davide and Scateni, Riccardo},
  booktitle={2015 International Conference on Interactive Mobile Communication Technologies and Learning (IMCL)},
  pages={146--150},
  year={2015},
  organization={IEEE}
}

@inproceedings{arcos2016playful,
  title={Playful and interactive environment-based augmented reality to stimulate learning of children},
  author={Arcos, Claudia and Fuertes, Walter and Villac{\'\i}s, C{\'e}sar and Zambrano, Margarita and Noboa, Tatiana and Tacuri, Ana and Aules, Hern{\'a}n and Toulkeridis, Theofilos},
  booktitle={2016 18th Mediterranean Electrotechnical Conference (MELECON)},
  pages={1--6},
  year={2016},
  organization={IEEE}
}

@inproceedings{zhao2018augmented,
  title={Augmented Reality Application for Plant Learning},
  author={Zhao, Gang and Zhang, Qing and Chu, Jie and Li, Yaxu and Liu, Shan and Lin, Luyu},
  booktitle={2018 IEEE 9th International Conference on Software Engineering and Service Science (ICSESS)},
  pages={1108--1111},
  year={2018},
  organization={IEEE}
}

@inproceedings{chao2018study,
  title={A Study of the Interactive Mathematics Mobile Application Development},
  author={Chao, Wen-Hung and Yang, Ching-Yu and Chang, Rong-Chi},
  booktitle={2018 1st IEEE International Conference on Knowledge Innovation and Invention (ICKII)},
  pages={248--249},
  year={2018},
  organization={IEEE}
}

@INPROCEEDINGS{8970136,
  author={M. C. {Costa} and A. {Manso} and J. M. {PatrÃ­cio} and A. {Carvalho} and B. {Alegria} and V. {Zinatulins}},
  booktitle={2019 International Symposium on Computers in Education (SIIE)}, 
  title={An augmented reality platform targeted to promote learning about planetary systems}, 
  year={2019},
  volume={},
  number={},
  pages={1-5},
}
@inproceedings{iqbal2019exploring,
  title={Exploring the use of Augmented Reality in a Kinesthetic Learning Application Integrated with an Intelligent Virtual Embodied Agent},
  author={Iqbal, Muhammad Zahid and Mangina, Eleni and Campbell, Abraham G},
  booktitle={2019 IEEE International Symposium on Mixed and Augmented Reality Adjunct (ISMAR-Adjunct)},
  pages={12--16},
  year={2019},
  organization={IEEE}
}

@article{kalpakis2018promoting,
  title={Promoting historical thinking in schools through low fidelity, low-cost, easily reproduceable, tangible and embodied interactions},
  author={Kalpakis, Stergios and Palaigeorgiou, George and Kasvikis, Kostas},
  journal={International Journal of Emerging Technologies in Learning (iJET)},
  volume={13},
  number={12},
  pages={67--82},
  year={2018}
}

@inproceedings{protopsaltis2016quiz,
  title={Quiz Cube: an AR mobile learning application},
  author={Protopsaltis, Aristidis and Mentzelopoulos, Markos and Ferguson, Jeffrey and Kaloyan, Kanchev},
  booktitle={2016 11th International Workshop on Semantic and Social Media Adaptation and Personalization (SMAP)},
  pages={151--155},
  year={2016},
  organization={IEEE}
}

@inproceedings{luna2018words,
  title={Words Worth Learning-Augmented Literacy Content for ADHD Students},
  author={Luna, Jazheel and Treacy, Rita and Hasegawa, Tomonori and Campbell, Abraham and Mangina, Eleni},
  booktitle={2018 IEEE Games, Entertainment, Media Conference (GEM)},
  pages={1--9},
  year={2018},
  organization={IEEE}
}

@inproceedings{cao2019hand,
  title={Hand ControlAR: An Augmented Reality Application for Learning 3D Geometry},
  author={Cao, Rui and Liu, Yue},
  booktitle={2019 IEEE International Symposium on Mixed and Augmented Reality Adjunct (ISMAR-Adjunct)},
  pages={144--149},
  year={2019},
  organization={IEEE}
}

@inproceedings{ramos2019artitser,
  title={ARTitser: A Mobile Augmented Reality in Classroom Interactive Learning Tool on Biological Science for Junior High School Students},
  author={Ramos, Mary Joy H and Comendador, Benilda Eleonor V},
  booktitle={Proceedings of the 2019 5th International Conference on Education and Training Technologies},
  pages={135--139},
  year={2019}
}

@inproceedings{el2019educational,
  title={An Educational Augmented Reality Application for Elementary School Students Focusing on the Human Skeletal System},
  author={El Kouzi, Malek and Mao, Abdihakim and Zambrano, Diego},
  booktitle={2019 IEEE Conference on Virtual Reality and 3D User Interfaces (VR)},
  pages={1594--1599},
  year={2019},
  organization={IEEE}
}

@inproceedings{kum2019ar,
  title={AR-VIS: Augmented Reality Interactive Visualization Environment for Exploring Dynamic Scientific Data},
  author={Kum-Biocca, Hannah Hyejin and Kim, Hyomin and Biocca, Frank and Cho, Yeonhee},
  booktitle={International Conference on Human-Computer Interaction},
  pages={374--380},
  year={2019},
  organization={Springer}
}

@article{cen2019augmented,
  title={Augmented Immersive Reality (AIR) for Improved Learning Performance: A Quantitative Evaluation},
  author={Cen, Ling and Ruta, Dymitr and Al Qassem, Lamees Mahmoud Mohd Said and Ng, Jason},
  journal={IEEE Transactions on Learning Technologies},
  year={2019},
  publisher={IEEE}
}

@article{huang2016animating,
  title={Animating eco-education: To see, feel, and discover in an augmented reality-based experiential learning environment},
  author={Huang, Tien-Chi and Chen, Chia-Chen and Chou, Yu-Wen},
  journal={Computers \& Education},
  volume={96},
  pages={72--82},
  year={2016},
  publisher={Elsevier}
}

@article{cai2017applications,
  title={Applications of augmented reality-based natural interactive learning in magnetic field instruction},
  author={Cai, Su and Chiang, Feng-Kuang and Sun, Yuchen and Lin, Chenglong and Lee, Joey J},
  journal={Interactive Learning Environments},
  volume={25},
  number={6},
  pages={778--791},
  year={2017},
  publisher={Taylor \& Francis}
}

@article{chang2018impacts,
  title={Impacts of an augmented reality-based flipped learning guiding approach on studentsâ€™ scientific project performance and perceptions},
  author={Chang, Shao-Chen and Hwang, Gwo-Jen},
  journal={Computers \& Education},
  volume={125},
  pages={226--239},
  year={2018},
  publisher={Elsevier}
}

@article{wang2017exploring,
  title={Exploring the effectiveness of integrating augmented reality-based materials to support writing activities},
  author={Wang, Yi-Hsuan},
  journal={Computers \& Education},
  volume={113},
  pages={162--176},
  year={2017},
  publisher={Elsevier}
}

@article{laine2016designing,
  title={Designing mobile augmented reality exergames},
  author={Laine, Teemu H and Suk, Hae Jung},
  journal={Games and culture},
  volume={11},
  number={5},
  pages={548--580},
  year={2016},
  publisher={SAGE Publications Sage CA: Los Angeles, CA}
}

@inproceedings{lin2016effect,
  title={The effect of literacy learning via mobile augmented reality for the students with ADHD and reading disabilities},
  author={Lin, Chien-Yu and Yu, Wen-Jeng and Chen, Wei-Jie and Huang, Chun-Wei and Lin, Chien-Chi},
  booktitle={International conference on universal access in human-computer interaction},
  pages={103--111},
  year={2016},
  organization={Springer}
}

@inproceedings{ferrer2017virtual,
  title={Virtual humans for temperature visualization in a tangible augmented reality educational game},
  author={Ferrer, Vicente and Perdomo, Alex and Ali, Hazem Rashid and Fies, Carmen and Quarles, John},
  booktitle={2017 IEEE Virtual Reality Workshop on K-12 Embodied Learning through Virtual \& Augmented Reality (KELVAR)},
  pages={1--6},
  year={2017},
  organization={IEEE}
}

@inproceedings{pombo2017marker,
  title={Marker-based augmented reality application for mobile learning in an urban park: Steps to make it real under the EduPARK project},
  author={Pombo, L{\'u}cia and Marques, Margarida Morais},
  booktitle={2017 International Symposium on Computers in Education (SIIE)},
  pages={1--5},
  year={2017},
  organization={IEEE}
}

@article{pombo2018edupark,
  title={THE EduPARK MOBILE AUGMENTED REALITY GAME: LEARNING VALUE AND USABILITY},
  author={Pombo, L{\'u}cia and Marques, Margarida Morais},
  journal={MOBILE LEARNING 2018},
  pages={23},
  year={2018},
  publisher={ERIC}
}

@inproceedings{oh2016designing,
  title={Designing a multi-user interactive simulation using AR glasses},
  author={Oh, Seungjae and Park, Kyudong and Kwon, Soonmo and So, Hyo-Jeong},
  booktitle={Proceedings of the TEI'16: Tenth International Conference on Tangible, Embedded, and Embodied Interaction},
  pages={539--544},
  year={2016}
}

@inproceedings{limsukhawat2016development,
  title={A Development of Augmented Reality-supported Mobile Game Application based on Jolly Phonics Approach to Enhancing English Phonics Learning Performance of ESL Learners},
  author={Limsukhawat, Sirimon and Kaewyoun, Suchada and Wongwatkit, Charoenchai and Wongta, Jintana},
  booktitle={The 24th International Conference on Computers in Education},
  pages={483--488},
  year={2016}
}

@article{rusinol2018augmented,
  title={Augmented songbook: an augmented reality educational application for raising music awareness},
  author={Rusi{\~n}ol, Mar{\c{c}}al and Chazalon, Joseph and Diaz-Chito, Katerine},
  journal={Multimedia Tools and Applications},
  volume={77},
  number={11},
  pages={13773--13798},
  year={2018},
  publisher={Springer}
}

@incollection{wang2018augmented,
  title={Augmented reality-based interactive simulation application in double-slit experiment},
  author={Wang, Tao and Zhang, Han and Xue, Xiaoru and Cai, Su},
  booktitle={Online Engineering \& Internet of Things},
  pages={701--707},
  year={2018},
  publisher={Springer}
}

@article{kurniawan2018human,
  title={Human anatomy learning systems using augmented reality on mobile application},
  author={Kurniawan, Michael H and Witjaksono, Gunawan and others},
  journal={Procedia Computer Science},
  volume={135},
  pages={80--88},
  year={2018},
  publisher={Elsevier}
}

@article{mylonas2019educational,
  title={An educational iot lab kit and tools for energy awareness in european schools},
  author={Mylonas, Georgios and Amaxilatis, Dimitrios and Pocero, Lidia and Markelis, Iraklis and Hofstaetter, Joerg and Koulouris, Pavlos},
  journal={International Journal of Child-Computer Interaction},
  volume={20},
  pages={43--53},
  year={2019},
  publisher={Elsevier}
}

@inproceedings{hrishikesh2016interactive,
  title={Interactive learning system for the hearing impaired and the vocally challenged},
  author={Hrishikesh, N and Nair, Jyothisha J},
  booktitle={2016 International Conference on Advances in Computing, Communications and Informatics (ICACCI)},
  pages={1079--1083},
  year={2016},
  organization={IEEE}
}

@inproceedings{sarkar2018scholar,
  title={ScholAR: a collaborative learning experience for rural schools using augmented reality application},
  author={Sarkar, Pratiti and Pillai, Jayesh S and Gupta, Ankita},
  booktitle={2018 IEEE Tenth International Conference on Technology for Education (T4E)},
  pages={8--15},
  year={2018},
  organization={IEEE}
}

@inproceedings{laviole2018nectar,
  title={Nectar: Multi-user Spatial Augmented Reality for everyone: Three live demonstrations of educative applications},
  author={Laviole, J{\'e}r{\'e}my and Thevin, Lauren and Albouys-Perrois, Jeremy and Brock, Anke},
  booktitle={Proceedings of the Virtual Reality International Conference-Laval Virtual},
  pages={1--6},
  year={2018}
}

@inproceedings{khan2018mathland,
  title={Mathland: Constructionist Mathematical Learning in the Real World Using Immersive Mixed Reality},
  author={Khan, Mina and Trujano, Fernando and Maes, Pattie},
  booktitle={International Conference on Immersive Learning},
  pages={133--147},
  year={2018},
  organization={Springer}
}

@inproceedings{boonbrahm2016interactive,
  title={Interactive Augmented Reality: A New Approach for Collaborative Learning},
  author={Boonbrahm, Poonpong and Kaewrat, Charlee and Boonbrahm, Salin},
  booktitle={International Conference on Learning and Collaboration Technologies},
  pages={115--124},
  year={2016},
  organization={Springer}
}

@article{ibanez2020impact,
  title={Impact of augmented reality technology on academic achievement and motivation of students from public and private Mexican schools. A case study in a middle-school geometry course},
  author={Ib{\'a}{\~n}ez, Mar{\'\i}a Blanca and Portillo, Aldo Uriarte and Cabada, Ram{\'o}n Zatarain and Barr{\'o}n, Mar{\'\i}a Luc{\'\i}a},
  journal={Computers \& Education},
  volume={145},
  pages={103734},
  year={2020},
  publisher={Elsevier}
}

@inproceedings{chen2015construction,
  title={Construction of a synchronized multi-display augmented reality simulation module for learning tidal effects},
  author={Chen, Cheng-ping and Wang, Chang-Hwa},
  booktitle={2015 2nd International Conference on Information Science and Security (ICISS)},
  pages={1--4},
  year={2015},
  organization={IEEE}
}

@inproceedings{chen2018application,
  title={The Application of Augmented Reality in English Phonics Learning Performance of ESL Young Learners},
  author={Chen, I-Chun},
  booktitle={2018 1st International Cognitive Cities Conference (IC3)},
  pages={255--259},
  year={2018},
  organization={IEEE}
}

@article{nasongkhla2019implementing,
  title={Implementing multiple AR markers in learning science content with junior high school students in Thailand},
  author={Nasongkhla, Jaitip and Chanjaradwichai, Supadaec and Chiasiriphan, Thanyaporn},
  journal={International Journal of Emerging Technologies in Learning (iJET)},
  volume={14},
  number={07},
  pages={48--60},
  year={2019}
}

@article{huang2019learning,
  title={Do Learning Styles Matter? Motivating Learners in an Augmented Geopark},
  author={Huang, Tien-Chi and Chen, Mu-Yen and Hsu, Wen-Pao},
  journal={Journal of Educational Technology \& Society},
  volume={22},
  number={1},
  pages={70--81},
  year={2019},
  publisher={JSTOR}
}

@inproceedings{mahmoudi2018color,
  title={A Color Sensing AR-Based Interactive Learning System for Kids},
  author={Mahmoudi, Maryam Tayefeh and Zeraati, Farnaz Zamiri and Yassini, Parham},
  booktitle={2018 12th Iranian and 6th International Conference on e-Learning and e-Teaching (ICeLeT)},
  pages={013--020},
  year={2018},
  organization={IEEE}
}

@inproceedings{lin2019primary,
  title={Primary School Studentsâ€™ Science Inquiry Learning and Behavior Patterns While Exploring Augmented Reality Science Learning},
  author={Lin, Xiao-Fan and Wu, Qianyi and Shen, Weipeng and Zhu, Qianyi and Wang, Jiahui},
  booktitle={International Conference on Technology in Education},
  pages={79--90},
  year={2019},
  organization={Springer}
}

@inproceedings{cao2018research,
  title={Research on the Interaction Design of AR Picture Books via Usability Test},
  author={Cao, Rui and Hou, Wenjun},
  booktitle={International Conference on Human Centered Computing},
  pages={524--534},
  year={2018},
  organization={Springer}
}

@inproceedings{antoniou2017scoping,
  title={Scoping the Window to the Universe; Design Considerations and Expert Evaluation of an Augmented Reality Mobile Application for Astronomy Education},
  author={Antoniou, Panagiotis E and Mpaka, Maria and Dratsiou, Ioanna and Aggeioplasti, Katerina and Tsitouridou, Melpomeni and Bamidis, Panagiotis D},
  booktitle={Interactive Mobile Communication, Technologies and Learning},
  pages={409--420},
  year={2017},
  organization={Springer}
}

@inproceedings{daineko2018development,
  title={Development of practical tasks in physics with elements of augmented reality for secondary educational institutions},
  author={Daineko, Yevgeniya and Ipalakova, Madina and Tsoy, Dana and Shaipiten, Akmedi and Bolatov, Zhiger and Chinibayeva, Tolganay},
  booktitle={International Conference on Augmented Reality, Virtual Reality and Computer Graphics},
  pages={404--412},
  year={2018},
  organization={Springer}
}

@inproceedings{gardeli2018effect,
  title={The Effect of Tangible Augmented Reality Interfaces on Teaching Computational Thinking: A Preliminary Study},
  author={Gardeli, Anna and Vosinakis, Spyros},
  booktitle={International Conference on Interactive Collaborative Learning},
  pages={673--684},
  year={2018},
  organization={Springer}
}

@inproceedings{triantafyllidou2017fingertrips,
  title={FingerTrips on tangible augmented 3D maps for learning history},
  author={Triantafyllidou, Iliana and Chatzitsakiroglou, Athina-Maria and Georgiadou, Stergiani and Palaigeorgiou, George},
  booktitle={Interactive Mobile Communication, Technologies and Learning},
  pages={465--476},
  year={2017},
  organization={Springer}
}

@inproceedings{xefteris2018learning,
  title={A Learning Environment for Geography and History Using Mixed Reality, Tangible Interfaces and Educational Robotics},
  author={Xefteris, Stefanos and Palaigeorgiou, George and Tsorbari, Areti},
  booktitle={International Conference on Interactive Collaborative Learning},
  pages={106--117},
  year={2018},
  organization={Springer}
}

@inproceedings{pombo2019learning,
  title={Learning with the augmented reality EduPARK game-like app: its usability and educational value for primary education},
  author={Pombo, L{\'u}cia and Marques, Margarida M},
  booktitle={Intelligent Computing-Proceedings of the Computing Conference},
  pages={113--125},
  year={2019},
  organization={Springer}
}

@inproceedings{thamrongrat2019design,
  title={Design and Evaluation of an Augmented Reality App for Learning Geometric Shapes in 3D},
  author={Thamrongrat, Pornpon and Law, Effie Lai-Chong},
  booktitle={IFIP Conference on Human-Computer Interaction},
  pages={364--385},
  year={2019},
  organization={Springer}
}

@inproceedings{lee2019mobile,
  title={A Mobile Game for Learning English Vocabulary with Augmented Reality Block Builder},
  author={Lee, Lap-Kei and Chau, Chi-Pang and Tsoi, Ki-Nam and Yang, Nancy Ling and Wu, Nga-In},
  booktitle={International Conference on Technology in Education},
  pages={116--128},
  year={2019},
  organization={Springer}
}

@inproceedings{boonbrahm2015using,
  title={Using augmented reality technology in assisting english learning for primary school students},
  author={Boonbrahm, Salin and Kaewrat, Charlee and Boonbrahm, Poonpong},
  booktitle={International Conference on Learning and Collaboration Technologies},
  pages={24--32},
  year={2015},
  organization={Springer}
}

@incollection{amrit2015studies,
  title={Studies in Application of Augmented Reality in E-Learning Courses},
  author={Amrit, Mannu and Bansal, Himanshu and Yammiyavar, Pradeep},
  booktitle={ICoRDâ€™15--Research into Design Across Boundaries Volume 2},
  pages={375--384},
  year={2015},
  publisher={Springer}
}

@inproceedings{wei2019influence,
  title={The Influence of Mobile Augmented Reality-Based Sandbox Games on Chinese Characters Learning},
  author={Wei, Xiaodong and Yang, Guodong and Weng, Dongdong},
  booktitle={Chinese Conference on Image and Graphics Technologies},
  pages={436--446},
  year={2019},
  organization={Springer}
}

@inproceedings{ortiz2018evaluation,
  title={Evaluation of an Augmented Reality Multiplayer Learning Game},
  author={Ortiz, Andrea and Vitery, Cristian and Gonz{\'a}lez, Carolina and Tobar-Mu{\~n}oz, Hendrys},
  booktitle={Joint International Conference on Serious Games},
  pages={91--100},
  year={2018},
  organization={Springer}
}

@incollection{cerqueira2018learning,
  title={Learning Basic Mathematical Functions with Augmented Reality},
  author={Cerqueira, Jos{\'e} and Sylla, Cristina and Moura, Jo{\~a}o Martinho and Ferreira, Lu{\'\i}s},
  booktitle={Interactivity, Game Creation, Design, Learning, and Innovation},
  pages={508--513},
  year={2018},
  publisher={Springer}
}

@inproceedings{klautke2018bridging,
  title={Bridging the Gulfs: Modifying an Educational Augmented Reality App to Account for Target Usersâ€™ Age Differences},
  author={Klautke, Hannah and Bell, John and Freer, Daniel and Cheng, Cui and Cain, William},
  booktitle={International Conference of Design, User Experience, and Usability},
  pages={185--195},
  year={2018},
  organization={Springer}
}

@inproceedings{wei2018improving,
  title={Improving Authentic Learning by AR-Based Simulator},
  author={Wei, Xiaodong and Guo, Dongqiao and Weng, Dongdong},
  booktitle={Chinese Conference on Image and Graphics Technologies},
  pages={124--134},
  year={2018},
  organization={Springer}
}

@inproceedings{rammos2019alternative,
  title={Alternative Teaching of History Subject in Primary School: The Case of the 3D HIT Playful Activity},
  author={Rammos, Dimitrios and Bratitsis, Tharrenos},
  booktitle={International Conference on Games and Learning Alliance},
  pages={457--467},
  year={2019},
  organization={Springer}
}

@inproceedings{li2018see,
  title={See me roar: On the over-positive, cross-cultural response on an AR game for math learning},
  author={Li, Jingya and Van der Spek, Erik and Hu, Jun and Feijs, Loe},
  booktitle={Joint International Conference on Serious Games},
  pages={54--65},
  year={2018},
  organization={Springer}
}

@article{chang2019applying,
  title={Applying augmented reality in physical education on motor skills learning},
  author={Chang, Kuo-En and Zhang, Jia and Huang, Yang-Sheng and Liu, Tzu-Chien and Sung, Yao-Ting},
  journal={Interactive Learning Environments},
  pages={1--13},
  year={2019},
  publisher={Taylor \& Francis}
}

@article{hsieh2019intelligence,
  title={Intelligence Augmented Reality Tutoring System for Mathematics Teaching and Learning},
  author={Hsieh, Min-Chai and Chen, Shu-Hsiang},
  journal={Journal of Internet Technology},
  volume={20},
  number={5},
  pages={1673--1681},
  year={2019}
}

@article{yilmaz2017using,
  title={Using augmented reality technology in storytelling activities: examining elementary studentsâ€™ narrative skill and creativity},
  author={Yilmaz, Rabia Meryem and Goktas, Yuksel},
  journal={Virtual Reality},
  volume={21},
  number={2},
  pages={75--89},
  year={2017},
  publisher={Springer}
}

@article{giasiranis2017flow,
  title={Flow experience and educational effectiveness of teaching informatics using AR},
  author={Giasiranis, Stefanos and Sofos, Loizos},
  journal={Journal of Educational Technology \& Society},
  volume={20},
  number={4},
  pages={78--88},
  year={2017},
  publisher={JSTOR}
}

@article{chen2019effects,
  title={Effects of augmented reality-based multidimensional concept maps on studentsâ€™ learning achievement, motivation and acceptance},
  author={Chen, Chien-Hsu and Huang, Chun-Yen and Chou, Yin-Yu},
  journal={Universal Access in the Information Society},
  volume={18},
  number={2},
  pages={257--268},
  year={2019},
  publisher={Springer}
}

@article{xefteris2019mixing,
  author    = {Stefanos Xefteris and
               George Palaigeorgiou},
  title     = {Mixing Educational Robotics, Tangibles and Mixed Reality Environments
               for the Interdisciplinary Learning of Geography and History},
  journal   = {Int. J. Eng. Pedagog.},
  volume    = {9},
  number    = {2},
  pages     = {82--98},
  year      = {2019}
}

@article{takahashi2018empathic,
  title={An Empathic Design Approach to an Augmented Gymnasium in a Special Needs School Setting.},
  author={Takahashi, Issey and Oki, Mika and Bourreau, Baptiste and Kitahara, Itaru and Suzuki, Kenji},
  journal={International Journal of Design},
  volume={12},
  number={3},
  year={2018}
}

@article{lee2018augmented,
  title={Augmented reality plus concept map technique to teach children with ASD to use social cues when meeting and greeting},
  author={Lee, I-Jui and Chen, Chien-Hsu and Wang, Chuan-Po and Chung, Chi-Hsuan},
  journal={The Asia-Pacific Education Researcher},
  volume={27},
  number={3},
  pages={227--243},
  year={2018},
  publisher={Springer}
}

@article{lytridis2018artutor,
  title={A{RT}utorâ€”an augmented reality platform for interactive distance learning},
  author={Lytridis, Chris and Tsinakos, Avgoustos and Kazanidis, Ioannis},
  journal={Education Sciences},
  volume={8},
  number={1},
  pages={6},
  year={2018},
  publisher={Multidisciplinary Digital Publishing Institute}
}

@article{oh2017hybrid,
  title={Hybrid augmented reality for participatory learning: The hidden efficacy of multi-user game-based simulation},
  author={Oh, Seungjae and So, Hyo-Jeong and Gaydos, Matthew},
  journal={IEEE Transactions on Learning Technologies},
  volume={11},
  number={1},
  pages={115--127},
  year={2017},
  publisher={IEEE}
}

@article{palaigeorgiou2018touching,
  title={Touching and traveling on 3D augmented tangible maps for learning geography},
  author={Palaigeorgiou, George and Karakostas, Anastasios and Skenteridou, Kyriaki},
  journal={Interactive Technology and Smart Education},
  year={2018},
  publisher={Emerald Publishing Limited}
}

@article{hsu2018cobochild,
  title={CoboChild: a blended mobile game-based learning service for children in museum contexts},
  author={Hsu, Tien-Yu and Liang, HsinYi and Chiou, Chuang-Kai and Tseng, Judy CR},
  journal={Data Technologies and Applications},
  year={2018},
  publisher={Emerald Publishing Limited}
}

@article{matsutomo2017computer,
  title={A computer aided education system based on augmented reality by immersion to 3-D magnetic field},
  author={Matsutomo, Shinya and Manabe, Tomohisa and Cingoski, Vlatko and Noguchi, So},
  journal={IEEE transactions on magnetics},
  volume={53},
  number={6},
  pages={1--4},
  year={2017},
  publisher={IEEE}
}

@article{ManriqueJuan2017APA,
  title={A Portable Augmented-Reality Anatomy Learning System Using a Depth Camera in Real Time},
  author={Cristina Manrique-Juan and Zaira V. E. Grostieta-Dominguez and Ricardo Rojas-Ruiz and Moises Alencastre-Miranda and Lourdes Mu{\~n}oz-G{\'o}mez and Cecilia Silva-Mu{\~n}oz},
  journal={The American Biology Teacher},
  year={2017},
  volume={79},
  pages={176 - 183}
}

@article{hsu2017learning,
  title={Learning English with augmented reality: Do learning styles matter?},
  author={Hsu, Ting-Chia},
  journal={Computers \& Education},
  volume={106},
  pages={137--149},
  year={2017},
  publisher={Elsevier}
}

@article{liou2017influences,
  title={The influences of the 2D image-based augmented reality and virtual reality on student learning},
  author={Liou, Hsin-Hun and Yang, Stephen JH and Chen, Sherry Y and Tarng, Wernhuar},
  journal={Journal of Educational Technology \& Society},
  volume={20},
  number={3},
  pages={110--121},
  year={2017},
  publisher={JSTOR}
}

@article{tscholl2016designing,
  title={Designing for learning conversations: How parents support children's science Learning within an immersive simulation},
  author={Tscholl, Michael and Lindgren, Robb},
  journal={Science Education},
  volume={100},
  number={5},
  pages={877--902},
  year={2016},
  publisher={Wiley Online Library}
}

@article{chen2016augmented,
  title={An augmented-reality-based concept map to support mobile learning for science},
  author={Chen, Chien-Hsu and Chou, Yin-Yu and Huang, Chun-Yen},
  journal={The Asia-Pacific Education Researcher},
  volume={25},
  number={4},
  pages={567--578},
  year={2016},
  publisher={Springer}
}

% LATEST PAPERS ADDED

@inproceedings{liu2020ar,
  title={An AR-Based Case Study of Using Textual and Collaborative Scaffolding for Students with Different Self-Efficacy to Learn Lever Principles},
  author={Liu, Changhao and Wu, Shuo and Wu, Shuming and Cai, Su},
  booktitle={2020 6th International Conference of the Immersive Learning Research Network (iLRN)},
  pages={9--15},
  year={2020},
  organization={IEEE}
}

@inproceedings{kenoui2020teach,
  title={Teach-Me DNA: an Interactive Course Using Voice Output in an Augmented Reality System},
  author={Kenoui, Mouna and Mehdi, Mohamed Ait},
  booktitle={020 1st International Conference on Communications, Control Systems and Signal Processing (CCSSP)},
  pages={260--265},
  year={2020},
  organization={IEEE}
}

@inproceedings{perez2020interactive,
  title={An interactive application based on augmented reality and rules-based reasoning to support educational activities of high school students},
  author={P{\'e}rez-Mu{\~n}{\'o}z, A and Castro-Idrovo, D and Robles-Bykbaev, Y and Robles-Bykbaev, V and Pes{\'a}ntez-Avil{\'e}s, F},
  booktitle={2020 IEEE World Conference on Engineering Education (EDUNINE)},
  pages={1--5},
  year={2020},
  organization={IEEE}
}

@article{lam2020interactive,
  title={Interactive Augmented Reality with Natural Action for Chemistry Experiment Learning},
  author={Lam, Meng Chun and Tee, Hwei Kei and Nizam, Siti Soleha Muhammad and Hashim, Nurhazarifah Che and Suwadi, Nur Asylah and Tan, Siok Yee and Abd Majid, Nazatul Aini and Arshad, Haslina and Liew, Sook Yee},
  journal={TEM Journal},
  volume={9},
  number={1},
  pages={351},
  year={2020},
  publisher={UIKTEN-Association for Information Communication Technology Education and~â€¦}
}

@article{abriata2020building,
  title={Building blocks for commodity augmented reality-based molecular visualization and modeling in web browsers},
  author={Abriata, Luciano A},
  journal={PeerJ Computer Science},
  volume={6},
  pages={e260},
  year={2020},
  publisher={PeerJ Inc.}
}

@inproceedings{dave2020towards,
  title={Towards Smart Classroom: Affordable and Simple Approach to Dynamic Projection Mapping for Education},
  author={Dave, Akshay and Kang, Mirue and Hwang, Jihyun and Lorenzo, Mia and Oh, Paul},
  booktitle={2020 10th Annual Computing and Communication Workshop and Conference (CCWC)},
  pages={0942--0947},
  year={2020},
  organization={IEEE}
}

@inproceedings{yin2020research,
  title={Research on Interactive Design of Social Interaction Training APP for Children with Autistic Spectrum Disorder (ASD) Based on Multi-modal Interaction},
  author={Yin, Xuejiao and Hou, Shumeng and Hu, Huicong},
  booktitle={E3S Web of Conferences},
  volume={179},
  pages={02044},
  year={2020},
  organization={E3S Web of Conferences}
}

@article{lopez2020emofindar,
  title={Emofindar: Evaluation of a mobile multiplayer augmented reality game for primary school children},
  author={L{\'o}pez-Faican, Lissette and Jaen, Javier},
  journal={Computers \& Education},
  volume={149},
  pages={103814},
  year={2020},
  publisher={Elsevier}
}

@inproceedings{mikulowski2020multi,
  title={Multi-sensual Augmented Reality in Interactive Accessible Math Tutoring System for Flipped Classroom},
  author={Miku{\l}owski, Dariusz and Brzostek-Paw{\l}owska, Jolanta},
  booktitle={International Conference on Intelligent Tutoring Systems},
  pages={1--10},
  year={2020},
  organization={Springer}
}

@inproceedings{carlos2020voluminis,
  title={Voluminis: An Augmented Reality Mobile System in Geometry Affording Competence to Evaluating Math Comprehension},
  author={Carlos-Chullo, Juan Deyby and Vilca-Quispe, Marielena and Castro-Gutierrez, Eveling},
  booktitle={International Conference on Remote Engineering and Virtual Instrumentation},
  pages={288--299},
  year={2020},
  organization={Springer}
}

@inproceedings{korosidou2019gamifying,
  title={Gamifying Early Foreign Language Learning},
  author={Korosidou, Eleni and Bratitsis, Tharrenos},
  booktitle={Interactive Mobile Communication, Technologies and Learning},
  pages={726--737},
  year={2019},
  organization={Springer}
}

@article{estudante2020using,
  title={Using Augmented Reality to Stimulate Students and Diffuse Escape Game Activities to Larger Audiences},
  author={Estudante, Anabela and Dietrich, Nicolas},
  journal={Journal of Chemical Education},
  volume={97},
  number={5},
  pages={1368--1374},
  year={2020},
  publisher={ACS Publications}
}



% OTHERS

@book{pisapia1993learning,
  title={Learning Technologies in the Classroom: Review of the Literature.},
  author={Pisapia, John and Schlesinger, Jeanne and Parks, Amanda},
  year={1993},
  publisher={ERIC}
}

@article{begg1994publication,
  title={Publication bias},
  author={Begg, Colin B},
  journal={The handbook of research synthesis},
  volume={25},
  pages={299--409},
  year={1994}
}

@article{johnson1991cooperation,
  title={Cooperation in the classroom},
  author={Johnson, David},
  journal={Psyccritiques},
  volume={36},
  number={12},
  pages={1106--1107},
  year={1991}
}

@article{johnson2008active,
  title={Active learning: Cooperation in the classroom},
  author={Johnson, Roger T and Johnson, David W},
  journal={The annual report of educational psychology in Japan},
  volume={47},
  pages={29--30},
  year={2008},
  publisher={The Japanese Association of Educational Psychology}
}

@book{kuh2011piecing,
  title={Piecing together the student success puzzle: Research, propositions, and recommendations: ASHE higher education report},
  author={Kuh, George D and Kinzie, Jillian and Buckley, Jennifer A and Bridges, Brian K and Hayek, John C},
  volume={116},
  year={2011},
  publisher={John Wiley \& Sons}
}

@book{hill2013classroom,
  title={Classroom instruction that works with English language learners},
  author={Hill, Jane and Miller, Kirsten B},
  year={2013},
  publisher={ASCD}
}

@ARTICLE{7833028,
  author={M. {Krichenbauer} and G. {Yamamoto} and T. {Taketom} and C. {Sandor} and H. {Kato}},
  journal={IEEE Transactions on Visualization and Computer Graphics}, 
  title={Augmented Reality versus Virtual Reality for 3D Object Manipulation}, 
  year={2018},
  volume={24},
  number={2},
  pages={1038-1048},}
  
@inproceedings{whitlock2020mrcat,
  title={{MRCAT}: In Situ Prototyping of Interactive {AR} Environments},
  author={Whitlock, Matt and Mitchell, Jake and Pfeufer, Nick and Arnot, Brad and Craig, Ryan and Wilson, Bryce and Chung, Brian and Szafir, Danielle Albers},
  booktitle={International Conference on Human-Computer Interaction},
  pages={235--255},
  year={2020},
  organization={Springer}
}


% OUR ARETE PAPER

@inproceedings{masneri2020work,
  title={Work-in-progressâ€”{ARETE}-An Interactive Educational System using Augmented Reality},
  author={Masneri, Stefano and Dom{\'\i}nguez, Ana and Wild, Fridolin and Pronk, Jeroen and Heintz, Matthias and Tiede, Jennifer and Nistor, Adina and Chiazzese, Giuseppe and Mangina, Eleni},
  booktitle={2020 6th International Conference of the Immersive Learning Research Network (iLRN)},
  pages={283--286},
  year={2020},
  organization={IEEE}
}


% late 2020 papers

@inproceedings{231-syahidi2020mobile,
  title={Mobile Augmented Reality Application with Multi-Interaction for Learning Solutions on the Topic of Computer Network Devices (Effectiveness, Interface, and Experience Design)},
  author={Syahidi, Aulia Akhrian and Mohamed, Amran and others},
  booktitle={2020 Third International Conference on Vocational Education and Electrical Engineering (ICVEE)},
  pages={1--6},
  year={2020},
  organization={IEEE}
}

@inproceedings{232-cruzado2020idear,
  title={IdeAR: Augmented Reality Applied to Reading Comprehension Stories},
  author={Cruzado, Johny Pretell and Huaman, Davis Huaytan and Capa, Jimmy Rodas and Bellizza, Mirtha Quipas},
  booktitle={2020 IEEE Engineering International Research Conference (EIRCON)},
  pages={1--4},
  year={2020},
  organization={IEEE}
}



@inproceedings{233-10.1145/3441000.3441034,
author = {Thamrongrat, Pornpon and Lai-Chong Law, Effie},
title = {Analysis of The Motivational Effect of Gamified Augmented Reality Apps for Learning Geometry},
year = {2020},
isbn = {9781450389754},
publisher = {Association for Computing Machinery},
address = {New York, NY, USA},
url = {https://doi.org/10.1145/3441000.3441034},
doi = {10.1145/3441000.3441034},
booktitle = {32nd Australian Conference on Human-Computer Interaction},
pages = {65â€“77},
numpages = {13},
keywords = {Motivation, Time pressure, Badge, Learning, Geometry, Point, Gamification},
location = {Sydney, NSW, Australia},
series = {OzCHI '20}
}

@INPROCEEDINGS{236-9298003,
author={Yuhana, Umi Laili and Hariadi, Ridho Rahman and Mukramin, Mukramin and Fabroyir, Hadziq and Arifiani, Siska},
booktitle={2020 International Conference on Computer Engineering, Network, and Intelligent Multimedia (CENIM)},
title={AUGGO: Augmented Reality and Marker-based Application for Learning Geometry in Elementary Schools}, 
year={2020},
volume={},
number={},
pages={116-120},
doi={10.1109/CENIM51130.2020.9298003}
}

@article{241-MACARIU20202133,
title = {Learn Chemistry with Augmented Reality},
journal = {Procedia Computer Science},
volume = {176},
pages = {2133-2142},
year = {2020},
note = {Knowledge-Based and Intelligent Information \& Engineering Systems: Proceedings of the 24th International Conference KES2020},
issn = {1877-0509},
doi = {https://doi.org/10.1016/j.procs.2020.09.250},
url = {https://www.sciencedirect.com/science/article/pii/S1877050920321542},
author = {Camelia Macariu and Adrian Iftene and Daniela GÃ®fu},
keywords = {Augmented reality, chemistry learning, instructional design, human computer interaction}
}

@inproceedings{246-10.1145/3379350.3416155,
author = {Suzuki, Ryo and Kazi, Rubaiat Habib and Wei, Li-Yi and DiVerdi, Stephen and Li, Wilmot and Leithinger, Daniel},
title = {RealitySketch: Embedding Responsive Graphics and Visualizations in AR with Dynamic Sketching},
year = {2020},
isbn = {9781450375153},
publisher = {Association for Computing Machinery},
address = {New York, NY, USA},
url = {https://doi.org/10.1145/3379350.3416155},
doi = {10.1145/3379350.3416155},
booktitle = {Adjunct Publication of the 33rd Annual ACM Symposium on User Interface Software and Technology},
pages = {135â€“138},
numpages = {4},
keywords = {embedded data visualization, tangible interaction, real-time authoring, sketching interfaces, augmented reality},
location = {Virtual Event, USA},
series = {UIST '20 Adjunct}
}

@INPROCEEDINGS{248-9339655,
author={Yusof, Cik Suhaimi and Ahmad, Nazwa and Ismail, Ajune Wanis and Sunar, Mohd Shahrizal},
booktitle={2020 6th International Conference on Interactive Digital Media (ICIDM)},
title={Mathematics Lesson using Accelerometer Sensor Interaction in Handheld Augemented Reality Application for Kindergarten},
year={2020},
volume={},
number={},
pages={1-6},
doi={10.1109/ICIDM51048.2020.9339655}
}

@InProceedings{251-10.1007/978-3-030-62655-6_9,
author="Theodoropoulou, Helena G.
and Kiourt, Chairi
and Lalos, Aris S.
and Koutsoudis, Anestis
and Paxinou, Evgenia
and Kalles, Dimitris
and Pavlidis, George",
editor="Bourdot, Patrick
and Interrante, Victoria
and Kopper, Regis
and Olivier, Anne-H{\'e}l{\`e}ne
and Saito, Hideo
and Zachmann, Gabriel",
title="Exploiting Extended Reality Technologies for Educational Microscopy",
booktitle="Virtual Reality and Augmented Reality",
year="2020",
publisher="Springer International Publishing",
address="Cham",
pages="149--162",
isbn="978-3-030-62655-6"
}


@article{258-beyoglu2020use,
  title={Use of mixed reality applications in teaching of science},
  author={Beyoglu, Dogus and Hursen, Cigdem and Nasiboglu, Arda},
  journal={Education and Information Technologies},
  volume={25},
  number={5},
  pages={4271--4286},
  year={2020},
  publisher={Springer}
}

@INPROCEEDINGS{6821833,
author={Phon, Danakorn Nincarean Eh and Ali, Mohamad Bilal and Halim, Noor Dayana Abd},
booktitle={2014 International Conference on Teaching and Learning in Computing and Engineering},
title={Collaborative Augmented Reality in Education: A Review},   year={2014},
volume={},
number={},
pages={78-83},
doi={10.1109/LaTiCE.2014.23}
}

@article{ahmad2020augmented,
  title={Augmented Reality for Learning Mathematics: A Systematic Literature Review},
  author={Ahmad, Nur and Junaini, Syahrul},
  journal={International Journal of Emerging Technologies in Learning (iJET)},
  volume={15},
  number={16},
  pages={106--122},
  year={2020},
  publisher={International Journal of Emerging Technology in Learning}
}

@article{majid2021systematic,
  title={A Systematic Review of Augmented Reality Applications in Language Learning.},
  author={Majid, Siti Norzaimalina Abd and Salam, Abdul Rahim},
  journal={International Journal of Emerging Technologies in Learning},
  volume={16},
  number={10},
  year={2021}
}

@article{khoshnevisan2018augmented,
  title={Augmented reality in language education: A systematic literature review},
  author={Khoshnevisan, Babak and Le, Nhu},
  journal={Adv. Glob. Educ. Res},
  volume={2},
  pages={57--71},
  year={2018}
}